<collection xmlns="http://www.loc.gov/MARC21/slim">
<record>
  <leader>01361nam0a2200301 i 450 </leader>
  <controlfield tag="001">IT\ICCU\CNCE\057230</controlfield>
  <controlfield tag="005">20130314000000.0</controlfield>
  <datafield tag="012" ind1=" " ind2=" ">
    <subfield code="a">lisi e.o; a.to DeLa (3) 1590 (R)</subfield>
    <subfield code="2">fei</subfield>
  </datafield>
  <datafield tag="100" ind1=" " ind2=" ">
    <subfield code="a">20040406d1590        0itac0103    ba</subfield>
  </datafield>
  <datafield tag="101" ind1=" " ind2=" ">
    <subfield code="a">ITA</subfield>
  </datafield>
  <datafield tag="102" ind1=" " ind2=" ">
    <subfield code="a">IT</subfield>
  </datafield>
  <datafield tag="200" ind1="1" ind2=" ">
    <subfield code="a">Rime spirituali, et funerali, del r.p. don Mauritio Moro canonico sec.re della cong.ne di s. Giorgio in Alega di Venetia</subfield>
  </datafield>
  <datafield tag="210" ind1=" " ind2=" ">
    <subfield code="a">In Treuigi</subfield>
    <subfield code="c">presso Angelo Mazzolini</subfield>
    <subfield code="d">1590</subfield>
  </datafield>
  <datafield tag="215" ind1=" " ind2=" ">
    <subfield code="a">16 c.</subfield>
    <subfield code="d">4ʻ</subfield>
  </datafield>
  <datafield tag="620" ind1=" " ind2=" ">
    <subfield code="a">IT</subfield>
    <subfield code="d">Treviso</subfield>
  </datafield>
  <datafield tag="700" ind1=" " ind2="1">
    <subfield code="a">Moro,</subfield>
    <subfield code="b">Maurizio</subfield>
    <subfield code="3">IT\ICCU\CNCA\016934</subfield>
  </datafield>
  <datafield tag="712" ind1="0" ind2="0">
    <subfield code="a">Mazzolini, Angelo</subfield>
    <subfield code="3">IT\ICCU\CNCT\000961</subfield>
    <subfield code="4">650</subfield>
  </datafield>
  <datafield tag="790" ind1=" " ind2="1">
    <subfield code="a">Moro,</subfield>
    <subfield code="b">Mauritio</subfield>
    <subfield code="3">IT\ICCU\CNCA\021188</subfield>
    <subfield code="z">Moro, Maurizio</subfield>
  </datafield>
  <datafield tag="790" ind1=" " ind2="0">
    <subfield code="a">℗Il ℗Costante</subfield>
    <subfield code="3">IT\ICCU\CNCA\021189</subfield>
    <subfield code="z">Moro, Maurizio</subfield>
  </datafield>
  <datafield tag="790" ind1=" " ind2="0">
    <subfield code="a">Costante Academico Cospirante</subfield>
    <subfield code="3">IT\ICCU\CNCA\029396</subfield>
    <subfield code="z">Moro, Maurizio</subfield>
  </datafield>
  <datafield tag="791" ind1="0" ind2="0">
    <subfield code="a">Mazzolinus, Angelus</subfield>
    <subfield code="3">IT\ICCU\CNCT\005147</subfield>
    <subfield code="z">Mazzolini, Angelo</subfield>
  </datafield>
  <datafield tag="801" ind1=" " ind2="3">
    <subfield code="a">IT</subfield>
    <subfield code="b">ICCU</subfield>
    <subfield code="c">20201115</subfield>
  </datafield>
  <datafield tag="899" ind1=" " ind2=" ">
    <subfield code="a">Biblioteca nazionale centrale. Firenze</subfield>
    <subfield code="1">FI0098</subfield>
    <subfield code="2">CFI CF</subfield>
  </datafield>
  <datafield tag="899" ind1=" " ind2=" ">
    <subfield code="a">Biblioteca comunale. Treviso</subfield>
    <subfield code="1">TV0114</subfield>
    <subfield code="2">VIA CT</subfield>
  </datafield>
  <datafield tag="899" ind1=" " ind2=" ">
    <subfield code="a">Biblioteca nazionale Marciana. Venezia</subfield>
    <subfield code="1">VE0049</subfield>
    <subfield code="2">VEA BM</subfield>
  </datafield>
  <datafield tag="899" ind1=" " ind2=" ">
    <subfield code="a">Biblioteca civica. Verona</subfield>
    <subfield code="1">VR0059</subfield>
    <subfield code="2">ZVR 02</subfield>
  </datafield>
  <datafield tag="911" ind1=" " ind2=" ">
    <subfield code="a">Sul front.</subfield>
    <subfield code="9">IT\ICCU\CNCM\001992</subfield>
  </datafield>
  <datafield tag="921" ind1=" " ind2=" ">
    <subfield code="a">IT\ICCU\CNCM\001992</subfield>
    <subfield code="b">Tre gigli in un&apos;anfora sorretta da due putti alati. Iniziale F.</subfield>
    <subfield code="c">V244</subfield>
    <subfield code="f">GIGLI</subfield>
    <subfield code="g">1589-1590</subfield>
  </datafield>
</record>
</collection>
